@article{inpainting,
author = {Criminisi, Antonio and Perez, Patrick and Toyama, Kentaro},
title = {Region Filling and Object Removal by Exemplar-Based Image Inpainting},
booktitle = {},
year = {2004},
month = {September},},
publisher = {},
url = {https://www.microsoft.com/en-us/research/publication/region-filling-and-object-removal-by-exemplar-based-inpainting/},
address = {},
pages = {1200-1212},
journal = {IEEE Transactions on Image Processing},
volume = {13/9},
chapter = {},
isbn = {},
}

@article{tsynthesis,
author = {Alexei A. Efros and Thomas K. Leung},
title = {Texture Synthesis by Non-parametric Sampling},
booktitle = {},
year = {1999},
month = {September},
publisher = {},
url = {http://graphics.cs.cmu.edu/people/efros/research/NPS/efros-iccv99.pdf},
adress = {},
pages = {},
journal = {IEEE International Conference on Computer Vision},
volume = {},
chapter = {},
isbn = {},
}